@article{trillo2013stress,
  title={Stress test prepares VisaNet for the most wonderful time of the year},
  author={Trillo, Manny},
  journal={URl: http://www. visa. com/blogarchives/us/2013/10/10/stress-testprepares-visanet-for-the-most-wonderful-time-of-the-year/index. html},
  year={2013}
}

@article{nakamoto2008bitcoin,
  title={Bitcoin: A peer-to-peer electronic cash system},
  author={Nakamoto, Satoshi and others},
  year={2008},
  publisher={Working Paper}
}

@article{wood2014ethereum,
  title={Ethereum: A secure decentralised generalised transaction ledger},
  author={Wood, Gavin},
  journal={Ethereum project yellow paper},
  volume={151},
  pages={1--32},
  year={2014}
}

@article{buterin2014next,
  title={A next-generation smart contract and decentralized application platform},
  author={Buterin, Vitalik and others},
  journal={white paper},
  year={2014}
}

@misc{poon2016bitcoin,
  title={The bitcoin lightning network: Scalable off-chain instant payments},
  author={Poon, Joseph and Dryja, Thaddeus},
  year={2016}
}

@article{roos2017settling,
  title={Settling payments fast and private: Efficient decentralized routing for path-based transactions},
  author={Roos, Stefanie and Moreno-Sanchez, Pedro and Kate, Aniket and Goldberg, Ian},
  journal={arXiv preprint arXiv:1709.05748},
  year={2017}
}

@inproceedings{malavolta2017silentwhispers,
  title={SilentWhispers: Enforcing Security and Privacy in Decentralized Credit Networks.},
  author={Malavolta, Giulio and Moreno-Sanchez, Pedro and Kate, Aniket and Maffei, Matteo},
  booktitle={NDSS},
  year={2017}
}

@article{sivaraman2018routing,
  title={Routing cryptocurrency with the spider network},
  author={Sivaraman, Vibhaalakshmi and Venkatakrishnan, Shaileshh Bojja and Alizadeh, Mohammad and Fanti, Giulia and Viswanath, Pramod},
  journal={arXiv preprint arXiv:1809.05088},
  year={2018}
}


